@article{Vaswani2017,
  author       = {Ashish Vaswani and
                  Noam Shazeer and
                  Niki Parmar and
                  Jakob Uszkoreit and
                  Llion Jones and
                  Aidan N. Gomez and
                  Lukasz Kaiser and
                  Illia Polosukhin},
  title        = {Attention Is All You Need},
  journal      = {CoRR},
  volume       = {abs/1706.03762},
  year         = {2017},
  url          = {http://arxiv.org/abs/1706.03762},
  eprinttype    = {arXiv},
  eprint       = {1706.03762},
  timestamp    = {Sat, 23 Jan 2021 01:20:40 +0100},
  biburl       = {https://dblp.org/rec/journals/corr/VaswaniSPUJGKP17.bib},
  bibsource    = {dblp computer science bibliography, https://dblp.org}
}

@ARTICLE{Allessio2009,
  author={Micheli, Alessio},
  journal={IEEE Transactions on Neural Networks}, 
  title={Neural Network for Graphs: A Contextual Constructive Approach}, 
  year={2009},
  volume={20},
  number={3},
  pages={498-511},
  keywords={Neural networks;Machine learning;Recurrent neural networks;Context modeling;Neurons;Data structures;Kernel;Feedforward neural networks;Neurofeedback;State feedback;Cascade correlation;contextual transductions;graph patterns;learning in structured domains (SDs);neural networks for structured data;recursive neural networks},
  doi={10.1109/TNN.2008.2010350}}


@article{Kipf2016,
  author       = {Thomas N. Kipf and
                  Max Welling},
  title        = {Semi-Supervised Classification with Graph Convolutional Networks},
  journal      = {CoRR},
  volume       = {abs/1609.02907},
  year         = {2016},
  url          = {http://arxiv.org/abs/1609.02907},
  eprinttype    = {arXiv},
  eprint       = {1609.02907},
  timestamp    = {Mon, 13 Aug 2018 16:48:31 +0200},
  biburl       = {https://dblp.org/rec/journals/corr/KipfW16.bib},
  bibsource    = {dblp computer science bibliography, https://dblp.org}
}

@misc{veličković2018graph,
      title={Graph Attention Networks}, 
      author={Petar Veličković and Guillem Cucurull and Arantxa Casanova and Adriana Romero and Pietro Liò and Yoshua Bengio},
      year={2018},
      eprint={1710.10903},
      archivePrefix={arXiv},
      primaryClass={stat.ML}
}



@article{Brody2021,
  author       = {Shaked Brody and
                  Uri Alon and
                  Eran Yahav},
  title        = {How Attentive are Graph Attention Networks?},
  journal      = {CoRR},
  volume       = {abs/2105.14491},
  year         = {2021},
  url          = {https://arxiv.org/abs/2105.14491},
  eprinttype    = {arXiv},
  eprint       = {2105.14491},
  timestamp    = {Wed, 02 Jun 2021 11:46:42 +0200},
  biburl       = {https://dblp.org/rec/journals/corr/abs-2105-14491.bib},
  bibsource    = {dblp computer science bibliography, https://dblp.org}
}

@misc{magner2020fundamental,
      title={Fundamental Limits of Deep Graph Convolutional Networks}, 
      author={Abram Magner and Mayank Baranwal and Alfred O. Hero III au2},
      year={2020},
      eprint={1910.12954},
      archivePrefix={arXiv},
      primaryClass={stat.ML}
}



@article{Oleksandr,
  author       = {Oleksandr Shchur and
                  Maximilian Mumme and
                  Aleksandar Bojchevski and
                  Stephan G{\"{u}}nnemann},
  title        = {Pitfalls of Graph Neural Network Evaluation},
  journal      = {CoRR},
  volume       = {abs/1811.05868},
  year         = {2018},
  url          = {http://arxiv.org/abs/1811.05868},
  eprinttype    = {arXiv},
  eprint       = {1811.05868},
  timestamp    = {Sat, 24 Nov 2018 17:52:00 +0100},
  biburl       = {https://dblp.org/rec/journals/corr/abs-1811-05868.bib},
  bibsource    = {dblp computer science bibliography, https://dblp.org}
}

@article{lipton2018troubling,
  title={Troubling trends in machine learning scholarship},
  author={Lipton, Zachary C and Steinhardt, Jacob},
  journal={arXiv preprint arXiv:1807.03341},
  year={2018}
}
